@article{zimerman2014self,
	title={Self-reported ethical risk taking tendencies predict actual dishonesty.},
	author={Zimerman, Liora and Shalvi, Shaul and Bereby-Meyer, Yoella},
	journal={Judgment \& Decision Making},
	volume={9},
	number={1},
	year={2014}
}

@phdthesis{bejanyan2021financial,
	title={Financial Decision Making Under Stress},
	author={Bejanyan, Narek Vartan},
	year={2021},
	school={The Claremont Graduate University}
}

@book{gottfredson1990general,
	title={A general theory of crime.},
	author={Gottfredson, Michael R and Hirschi, Travis},
	year={1990},
	publisher={Stanford University Press}
}

@article{kai1979prospect,
	title={Prospect theory: An analysis of decision under risk},
	author={Kahneman, Daniel and Tversky, Amos},
	journal={Econometrica},
	volume={47},
	number={2},
	pages={363--391},
	year={1979}
}

@article{rigby2015contract,
	title={Contract cheating \& the market in essays},
	author={Rigby, Dan and Burton, Michael and Balcombe, Kelvin and Bateman, Ian and Mulatu, Abay},
	journal={Journal of Economic Behavior \& Organization},
	volume={111},
	pages={23--37},
	year={2015},
	publisher={Elsevier}
}

@article{jamison2008deceive,
	title={To deceive or not to deceive: The effect of deception on behavior in future laboratory experiments},
	author={Jamison, Julian and Karlan, Dean and Schechter, Laura},
	journal={Journal of Economic Behavior \& Organization},
	volume={68},
	number={3-4},
	pages={477--488},
	year={2008},
	publisher={Elsevier}
}

@article{gino2011bringing,
	title={Bringing ethics into focus: How regulatory focus and risk preferences influence (un) ethical behavior},
	author={Gino, Francesca and Margolis, Joshua D},
	journal={Organizational Behavior and Human Decision Processes},
	volume={115},
	number={2},
	pages={145--156},
	year={2011},
	publisher={Elsevier}
}

@article{holt2002risk,
	title={Risk aversion and incentive effects},
	author={Holt, Charles A and Laury, Susan K},
	journal={American economic review},
	volume={92},
	number={5},
	pages={1644--1655},
	year={2002}
}

@article{arneklev1993low,
	title={Low self-control and imprudent behavior},
	author={Arneklev, Bruce J and Grasmick, Harold G and Tittle, Charles R and Bursik, Robert J},
	journal={Journal of Quantitative Criminology},
	volume={9},
	number={3},
	pages={225--247},
	year={1993},
	publisher={Springer}
}

@article{mccabe1997individual,
	title={Individual and contextual influences on academic dishonesty: A multicampus investigation},
	author={McCabe, Donald L and Trevino, Linda Klebe},
	journal={Research in higher education},
	volume={38},
	number={3},
	pages={379--396},
	year={1997},
	publisher={Springer}
}

@article{leming1980cheating,
	title={Cheating behavior, subject variables, and components of the internal-external scale under high and low risk conditions},
	author={Leming, James S},
	journal={The Journal of Educational Research},
	volume={74},
	number={2},
	pages={83--87},
	year={1980},
	publisher={Taylor \& Francis}
}
@article{underwood2003academic,
	title={Academic offences and e-learning: individual propensities in cheating},
	author={Underwood, Jean and Szabo, Attila},
	journal={British Journal of Educational Technology},
	volume={34},
	number={4},
	pages={467--477},
	year={2003},
	publisher={Wiley Online Library}
}

@article{mazar2008dishonesty,
	title={The dishonesty of honest people: A theory of self-concept maintenance},
	author={Mazar, Nina and Amir, On and Ariely, Dan},
	journal={Journal of marketing research},
	volume={45},
	number={6},
	pages={633--644},
	year={2008},
	publisher={SAGE Publications Sage CA: Los Angeles, CA}
}

@article{gruener2018eliciting,
	title={Eliciting individual risk attitudes--different procedures, different findings},
	author={Gruener, Sven and Hirschauer, Norbert and Kr{\"u}ger, Felix},
	year={2018},
	publisher={SocArXiv}
}

@article{clot2014smug,
	title={Smug alert! Exploring self-licensing behavior in a cheating game},
	author={Clot, Sophie and Grolleau, Gilles and Ibanez, Lisette},
	journal={Economics Letters},
	volume={123},
	number={2},
	pages={191--194},
	year={2014},
	publisher={Elsevier}
}

@article{mazar2010green,
	title={Do green products make us better people?},
	author={Mazar, Nina and Zhong, Chen-Bo},
	journal={Psychological science},
	volume={21},
	number={4},
	pages={494--498},
	year={2010},
	publisher={Sage Publications Sage CA: Los Angeles, CA}
}

@article{gneezy2018lying,
	title={Lying aversion and the size of the lie},
	author={Gneezy, Uri and Kajackaite, Agne and Sobel, Joel},
	journal={American Economic Review},
	volume={108},
	number={2},
	pages={419--53},
	year={2018}
}

@article{kajackaite2015lying,
	title={Lying costs and incentives},
	author={Kajackaite, Agne and Gneezy, Uri},
	journal={UC San Diego Discussion Paper},
	year={2015},
	publisher={Citeseer}
}

@article{gneezy2005deception,
	title={Deception: The role of consequences},
	author={Gneezy, Uri},
	journal={American Economic Review},
	volume={95},
	number={1},
	pages={384--394},
	year={2005}
}

@article{bilen2021online,
	title={Online cheating amid COVID-19},
	author={Bilen, Eren and Matros, Alexander},
	journal={Journal of Economic Behavior \& Organization},
	volume={182},
	pages={196--211},
	year={2021},
	publisher={Elsevier}
}

@article{jiang2013cheating,
	title={Cheating in mind games: The subtlety of rules matters},
	author={Jiang, Ting},
	journal={Journal of Economic Behavior \& Organization},
	volume={93},
	pages={328--336},
	year={2013},
	publisher={Elsevier}
}

@article{kerkvliet1994cheating,
	title={Cheating by economics students: A comparison of survey results},
	author={Kerkvliet, Joe},
	journal={The Journal of Economic Education},
	volume={25},
	number={2},
	pages={121--133},
	year={1994},
	publisher={Taylor \& Francis}
}

@article{abeler2019preferences,
	title={Preferences for truth-telling},
	author={Abeler, Johannes and Nosenzo, Daniele and Raymond, Collin},
	journal={Econometrica},
	volume={87},
	number={4},
	pages={1115--1153},
	year={2019},
	publisher={Wiley Online Library}
}

@article{gneezy2005deception,
	title={Deception: The role of consequences},
	author={Gneezy, Uri},
	journal={American Economic Review},
	volume={95},
	number={1},
	pages={384--394},
	year={2005}
}

@article{tittle1973moral,
	title={Moral appeal, sanction threat, and deviance: An experimental test},
	author={Tittle, Charles R and Rowe, Alan R},
	journal={Social Problems},
	volume={20},
	number={4},
	pages={488--498},
	year={1973},
	publisher={Oxford University Press Oxford, UK}
}

@article{haley2005nobody,
	title={Nobody's watching?: Subtle cues affect generosity in an anonymous economic game},
	author={Haley, Kevin J and Fessler, Daniel MT},
	journal={Evolution and Human behavior},
	volume={26},
	number={3},
	pages={245--256},
	year={2005},
	publisher={Elsevier}
}

@incollection{becker1968crime,
	title={Crime and punishment: An economic approach},
	author={Becker, Gary S},
	booktitle={The economic dimensions of crime},
	pages={13--68},
	year={1968},
	publisher={Springer}
}

@article{manesi2016eyes,
	title={Eyes wide open: Only eyes that pay attention promote prosocial behavior},
	author={Manesi, Zoi and Van Lange, Paul AM and Pollet, Thomas V},
	journal={Evolutionary Psychology},
	volume={14},
	number={2},
	year={2016},
	publisher={Sage Publications Sage CA: Los Angeles, CA}
}

@article{mol2020not,
	title={(Not) alone in the world: Cheating in the presence of a virtual observer},
	author={Mol, Jantsje M and van der Heijden, Eline CM and Potters, Jan JM},
	journal={Experimental Economics},
	volume={23},
	number={4},
	pages={961--978},
	year={2020},
	publisher={Springer}
}

@article{ayal2015three,
	title={Three principles to REVISE people’s unethical behavior},
	author={Ayal, Shahar and Gino, Francesca and Barkan, Rachel and Ariely, Dan},
	journal={Perspectives on Psychological Science},
	volume={10},
	number={6},
	pages={738--741},
	year={2015},
	publisher={Sage Publications Sage CA: Los Angeles, CA}
}

@article{fang2021use,
	title={On the use of virtual reality in mitigating hypothetical bias in choice experiments},
	author={Fang, Di and Nayga Jr, Rodolfo M and West, Grant H and Bazzani, Claudia and Yang, Wei and Lok, Benjamin C and Levy, Charles E and Snell, Heather A},
	journal={American Journal of Agricultural Economics},
	volume={103},
	number={1},
	pages={142--161},
	year={2021},
	publisher={Wiley Online Library}
}

@article{matthews2017using,
	title={Using virtual environments to improve the realism of choice experiments: A case study about coastal erosion management},
	author={Matthews, Yvonne and Scarpa, Riccardo and Marsh, Dan},
	journal={Journal of Environmental Economics and Management},
	volume={81},
	pages={193--208},
	year={2017},
	publisher={Elsevier}
}

@article{harrison2011remarks,
	title={Remarks on virtual world and virtual reality experiments},
	author={Harrison, Glenn W and Haruvy, Ernan and Rutstr{\"o}m, E Elisabet},
	journal={Southern Economic Journal},
	volume={78},
	number={1},
	pages={87--94},
	year={2011},
	publisher={Wiley Online Library}
}

@incollection{akerlof1978market,
	title={The market for “lemons”: Quality uncertainty and the market mechanism},
	author={Akerlof, George A},
	booktitle={Uncertainty in economics},
	pages={235--251},
	year={1978},
	publisher={Elsevier}
}

@article{tversky1974judgment,
	title={Judgment under uncertainty: Heuristics and biases},
	author={Tversky, Amos and Kahneman, Daniel},
	journal={science},
	volume={185},
	number={4157},
	pages={1124--1131},
	year={1974},
	publisher={American association for the advancement of science}
}